@manual{skldnn,
    author = {Yuexiang Li, Linlin Shen},
    title = {Skin Lesion Analysis towards Melanoma
Detection Using Deep Learning Network},
    year = {2017},
    url = {https://arxiv.org/pdf/1703.00577.pdf}
}

@manual{sklmla,
    author = {Ilker Ali OZKAN, Murat KOKLU},
    title = {Skin Lesion Classification using Machine Learning Algorithms},
    year = {2017},
    url = {https://www.researchgate.net/publication/321937436_Skin_Lesion_Classification_using_Machine_Learning_Algorithms}
}

@manual{dermoonko,
    author = {Jasna Lipozenčić, Aida Pašić},
    title = {Dermatološka onkologija},
    year = {2009}
}

@manual{isic,
    title = {International Skin Imaging Collaboration},
    url = {https://isdis.net/isic-project/}
}

@manual{caps,
title= {Capsule networks},
url = {https://hackernoon.com/capsule-networks-are-shaking-up-ai-heres-how-to-use-them-c233a0971952}
}

@manual{steer,
    title = {Steerable filters},
    url = {https://arxiv.org/abs/1612.08498}
}